
@misc{pravilnik,
title = {{Pravilnik o doktorskim studijama koje organizuje i izvodi Univerzitet u Beogradu}},
note = {on-line at: \url{http://www.bg.ac.rs/files/sr/univerzitet/univ-propisi/PravilnikDoktorskeStudije.pdf}},
author = {Senat Univerziteta u Beogradu},
year = {2010}
}

@misc{konkursBeograd,
title = {{Konkurs za upis studenata na doktorske akademske studije na fakultetima Univerziteta u Beogradu u školskoj 2022/2023. godini}},
note = {on-line at: \url{https://www.bg.ac.rs/files/sr/upis/doktorske-akademske/Opsti_uslovi_2022.pdf}},
author = {Senat Univerziteta u Beogradu},
year = {2022}
}

@misc{konkursMATF,
title = {{Konkurs za upis studenata na doktorske akademske studije na Matematičkom Fakultetu u školskoj 2022/2023. godini}},
note = {on-line at: \url{https://das.matf.bg.ac.rs/wp-content/uploads/2022/07/MTF-uslovi-DAS-2022.pdf}},
author = {Matematički Fakultet},
year = {2022}
}

@misc{konkursETF,
title = {{Konkurs za upis studenata na doktorske akademske studije na Elektrotehničkom Fakultetu u školskoj 2022/2023. godini}},
note = {on-line at: \url{https://www.etf.bg.ac.rs/uploads/files/upis/doktorske/2022/ETF-2022-\%20uslovi\%20upisa\%20DAS.pdf}},
author = {Elektrotehnički Fakultet},
year = {2022}
}

@misc{konkursRAF,
title = {{Upis na doktorske akademske studije}},
note = {on-line at: \url{https://raf.edu.rs/upis/doktorskih-studija}},
author = {Računarski fakultet},
year = {2022}
}

@misc{konkursMetropolitan,
title = {{Odluka o raspisivanju konkursa za upis studenata za školsku 2022/2023 godinu}},
note = {on-line at: \url{https://www.metropolitan.ac.rs/files/2022/06/Odluka-o-raspisivanju-konkursa-22-23.pdf}},
author = {Senat Univerziteta Metropolitan},
year = {2022}
}

@misc{konkursSingidunum,
title = {{Informacije o upisu na doktorske studije}},
note = {on-line at: \url{https://singidunum.ac.rs/upis-doktorske-studije/pages/informacije-o-upisu}},
author = {Univerzitet Singidunum},
year = {2022}
}

@misc{konkursNoviSad,
title = {{Prečišćen tekst pravilnika o upisu studenata na studijske programe Prirodno-matematičkog fakulteta u Novom Sadu}}, 
note = {on-line at: \url{https://www.pmf.uns.ac.rs/wp-content/uploads/2022/05/Pravilnik-o-upisu-studenata.pdf}},
author = {Nastavno-naučno veće Pridodno-matematičkog fakulteta na Univerzitetu u Novom Sadu},
year = {2022}
}

@misc{konkursKragujevac,
title = {{Studijski program doktorskih akademskih studija računarskih nauka u institutu za matematiku i informatiku}}, 
note = {on-line at: \url{https://www.pmf.kg.ac.rs/pub/c80bbfb7943355222a7da18bbd396fed_12072016_115131/racunarskenauke2021.pdf}},
author = {Univerzitet u Kragujevcu, Prirodno-matematički fakultet},
year = {2020}
}

@misc{konkursNis,
title = {{Upis na doktorske akademske studije 2022/23}}, 
note = {on-line at: \url{https://www.pmf.ni.ac.rs/sr/upis-na-doktorske-akademske-studije-2022-23/}},
author = {Univerzitet u Nišu, Prirodno-matematički fakultet},
year = {2022}
}

@misc{konkursFON,
title = {{Upis na doktorske studije 2022/23}}, 
note = {on-line at: \url{http://www.fon.bg.ac.rs/studije/doktorske-studije/upis-na-doktorske-studije/}},
author = {Univerzitet u Beogradu, Fakultet organizacionih nauka},
year = {2022}
}

@misc{worldUniRanking,
title = {{World University Ranking}}, 
note = {on-line at: \url{https://www.timeshighereducation.com/world-university-rankings/2023/world-ranking#!/page/0/length/25/locations/SRB/sort_by/scores_research/sort_order/asc/cols/stats}},
author = {Times Higher Education},
year = {2023}
}

@misc{startit,
title = {{Rezultati istraživanja programerske scene u Srbiji: Sve je više žena u struci, JavaScript najpopularnija tehnologija, plate seniora porasle}},
note = {on-line at: \url{https://startit.rs/rezultati-istrazivanja-programerske-scene-u-srbiji-sve-je-vise-zena-u-struci-javascript-najpopularnija-tehnologija-plate-seniora-porasle/}},
    author = {Startit},
    year = {2018}
}

@misc{ivi,
title = {{Saradnja sa industrijom}},
note = {on-line at: \url{https://www.ivi.ac.rs/tekst/sr/133/industrija.php}},
    author = {Istraživačko-razvojni institut za veštačku inteligenciju Srbije},
    year = {2021}
}

@misc{continental,
title = {{Institut za veštačku inteligenciju i Continental inicirali naučnoistraživačku saradnju}},
note = {on-line at: \url{https://kreativnasrbija.rs/institut-za-vestacku-inteligenciju-i-continental-inicirali-naucnoistrazivacku-saradnju}},
    author = {Kreativna Srbija},
    year = {2021}
}

@misc{schneider,
title = {{Schneider Electric}},
note = {on-line at: \url{https://www.ras.gov.rs/schneider-electric-2}},
    author = {Razvojna agencija Srbije},
    year = {2021}
}

@misc{twoDesp,
title = {{Two Desperados osnovao je naučnu grupu o primeni veštačke inteligencije u razvoju video igara}},
note = {on-line at: \url{https://www.netokracija.rs/two-desperados-video-igre-195976}},
    author = {Marko Crnjanski, Netokracija},
    year = {2021}
}

@misc{plato,
title = {{Grupa za programske jezike i alate - istraživanja}},
note = {on-line at: \url{http://plato.math.rs/?content=research}},
    author = {Katedra za računarstvo i informatiku, Matematički fakultet, Univerzitet u Beogradu},
    year = {2021}
}

@misc{katedra,
title = {{Računarstvo i informatika na Matematičkom fakultetu Univerziteta u Beogradu – informacije za IT kompanije}},
note = {on-line at: \url{http://www.racunarstvo.matf.bg.ac.rs/files/docs/MatF-informatika.pdf}},
    author = {Katedra za računarstvo i informatiku, Matematički fakultet, Univerzitet u Beogradu},
    year = {2016}
}

@misc{matfbgdoktorske,
title = {{Matematički fakultet u Beogradu, Katedra za Računarstvo i informatiku, Doktorske studije}},
note = {on-line at: \url{http://www.racunarstvo.matf.bg.ac.rs/?content=doktorske_studije}}
}

@misc{matfnsdoktorske,
title = {{Matematički fakultet u Novom Sadu, Odsek za informatiku}},
note = {on-line at: \url{https://informatika.pmf.uns.ac.rs/nastava/informatika-3-godine-180-espb-doktorske-studije/}}
}

@misc{fondoktorske,
title = {{Fakultet organizacionih nauka, Univerzitet u Beogradu, Doktorske akademske studije}},
note = {on-line at: \url{https://das.fon.bg.ac.rs/informacioni-sistemi-i-tehnologije/}}
}

@misc{etfdoktorske,
title = {{Univerzitet u Beogradu, Elektrotehnički fakultet, Doktorske akademske studije}},
note = {on-line at: \url{https://www.etf.bg.ac.rs/sr/studiranje/doktorske-akademske-studije}}
}

@misc{katedraweb,
title = {{Matematički fakultet, Katedra za računarstvo i informatiku}},
note = {on-line at: \url{http://www.racunarstvo.matf.bg.ac.rs/}},
    author = {Univerzitet u Beogradu},
    year = {2021}
}
